@misc{CAMB,
howpublished = {See \url{http://camb.info} for information about CAMB software.}
}

@misc{ColumbiaCMB,
howpublished = {See \url{http://www.github.com/ColumbiaCMB} for the ROACH FPGA designs and the software we use to communicate with the ROACH boards and analyze detector data.},
}

@misc{HFSS,
howpublished = {See \url{http://www.ansys.com/products/electronics/ansys-hfss} for information about ANSYS HFSS.},
}

@misc{Sonnet,
howpublished ={See \url{https://www.sonnetsoftware.com/products/sonnet-suites} for information about Sonnet EM.},
}

@misc{starcryo,
howpublished = {See \url{http://www.starcryo.com} for information about STAR Cryoelectronics.}
}
