%% Created using Papers on Tue, 23 Jan 2018.
%% http://papersapp.com/papers/

@article{Stan2004PRL,
author = {Stan, Gheorghe and Field, Stuart B and Martinis, John M},
title = {{Critical Field for Complete Vortex Expulsion from Narrow Superconducting Strips}},
journal = {Physical Review Letters},
year = {2004},
volume = {92},
number = {9},
pages = {097003},
month = mar
}

@article{Dantsker1997APL,
author = {Dantsker, E and Tanaka, S and Clarke, John},
title = {{High-Tc super conducting quantum interference devices with slots or holes: Low 1/f noise in ambient magnetic fields}},
journal = {Applied Physics Letters},
year = {1997},
volume = {70},
number = {1},
pages = {2037--2039},
month = apr
}

@article{Wenner2011APL,
author = {Wenner, J and Barends, Rami and Bialczak, R C and Chen, Yu and Kelly, J and Lucero, Erik and Mariantoni, Matteo and Megrant, A and O'Malley, P J J and Sank, D and Vainsencher, A and Wang, H and White, T C and Yin, Y and Zhao, J and Cleland, A N and Martinis, John M},
title = {{Surface loss simulations of superconducting coplanar waveguide resonators}},
journal = {Applied Physics Letters},
year = {2011},
volume = {99},
number = {11},
pages = {113513},
month = sep
}

@article{Dynes1984PRL,
author = {Dynes, R C and Garno, J P and Hertel, G B and Orlando, T P},
title = {{Tunneling Study of Superconductivity near the Metal-Insulator Transition}},
journal = {Physical Review Letters},
year = {1984},
volume = {53},
number = {2},
pages = {2437--2440},
month = dec
}

@article{OConnell2008APL,
author = {O{\textquoteright}Connell, Aaron D and Ansmann, Markus and Bialczak, R C and Hofheinz, M and Katz, N and Lucero, Erik and McKenney, Christopher M and Neeley, M and Wang, H and Weig, E M and Cleland, A N and Martinis, John M},
title = {{Microwave dielectric loss at single photon energies and millikelvin temperatures}},
journal = {Applied Physics Letters},
year = {2008},
volume = {92},
number = {1},
pages = {112903},
month = mar
}

@article{Norrelykke2010RSI,
author = {N{\o}rrelykke, Simon F and Flyvbjerg, Henrik},
title = {{Power spectrum analysis with least-squares fitting: Amplitude bias and its elimination, with application to optical tweezers and atomic force microscope cantilevers}},
journal = {Review of Scientific Instruments},
year = {2010},
volume = {81},
number = {7},
pages = {075103--075103},
month = jul
}

@article{Kaiser1970JPC,
author = {Kaiser, A B},
title = {{Effect of non-magnetic localized states in superconducting alloys}},
journal = {Journal of Physics C-Solid State Physics},
year = {1970},
volume = {3},
number = {2},
pages = {410--422},
month = feb
}

@article{deVisser2015APL,
author = {{de Visser}, Pieter and Yates, Stephen J C and Guruswamy, Tejas and Goldie, David J and Withington, Stafford and Neto, A and Llombart, N and Baryshev, A M and Klapwijk, T M and Baselmans, Jochem J A},
title = {{The non-equilibrium response of a superconductor to pair-breaking radiation measured over a broad frequency band}},
journal = {Applied Physics Letters},
year = {2015},
volume = {106},
number = {2},
pages = {252602},
month = jun
}

@article{Maris1993PRB,
author = {Maris, Humphrey J and Tamura, Shin-Ichiro},
title = {{Anharmonic decay and the propagation of phonons in an isotopically pure crystal at low temperatures: Application to dark-matter detection}},
journal = {Physical Review B},
year = {1993},
volume = {47},
number = {2},
pages = {727--739},
month = jan
}

@article{Jani1988PRB,
author = {Jani, A R and Brener, N E and Callaway, J},
title = {{Band structure and related properties of bcc niobium}},
journal = {Physical Review B},
year = {1988},
volume = {38},
number = {1},
pages = {9425--9433},
month = nov
}

@article{Shuryak2017RMP,
author = {Shuryak, Edward},
title = {{Strongly coupled quark-gluon plasma in heavy ion collisions}},
journal = {Reviews of Modern Physics},
year = {2017},
volume = {89},
number = {3},
pages = {035001},
month = jul
}

@article{Bartelmann2010RMP,
author = {Bartelmann, Matthias},
title = {{The dark Universe}},
journal = {Reviews of Modern Physics},
year = {2010},
volume = {82},
number = {1},
pages = {331--382},
month = jan
}

@article{ACTPol2017JCAP,
author = {Louis, Thibaut and Grace, Emily and Hasselfield, Matthew and Lungu, Marius and Maurin, Lo{\"\i}c and Addison, Graeme E and Ade, Peter A R and Aiola, Simone and Allison, Rupert and Amiri, Mandana and Angile, Elio and Battaglia, Nicholas and Beall, James A and de Bernardis, Francesco and Bond, J Richard and Britton, Joe and Calabrese, Erminia and Cho, Hsiao-Mei and Choi, Steve K and Coughlin, Kevin and Crichton, Devin and Crowley, Kevin and Datta, Rahul and Devlin, Mark J and Dicker, Simon R and Dunkley, Joanna and D{\"u}nner, Rolando and Ferraro, Simone and Fox, Anna E and Gallardo, Patricio and Gralla, Megan and Halpern, Mark and Henderson, Shawn and Hill, J Colin and Hilton, Gene C and Hilton, Matt and Hincks, Adam D and Hlozek, Ren{\'e}e and Ho, S P Patty and Huang, Zhiqi and Hubmayr, Johannes and Huffenberger, Kevin M and Hughes, John P and Infante, Leopoldo and Irwin, Kent D and Kasanda, Simon Muya and Klein, Jeffrey and Koopman, Brian and Kosowsky, Arthur and Li, Dale and Madhavacheril, Mathew and Marriage, Tobias A and McMahon, Jeff and Menanteau, Felipe and Moodley, Kavilan and Munson, Charles and N{\ae}ss, Sigurd and Nati, Federico and Newburgh, Laura and Nibarger, John and Niemack, Michael D and Nolta, Michael R and Nu{\~n}ez, Carolina and Page, Lyman A and Pappas, Christine and Partridge, Bruce and Rojas, Felipe and Schaan, Emmanuel and Schmitt, Benjamin L and Sehgal, Neelima and Sherwin, Blake D and Sievers, Jon and Simon, Sara and Spergel, David N and Staggs, Suzanne T and Switzer, Eric R and Thornton, Robert and Trac, Hy and Treu, Jesse and Tucker, Carole E and Engelen, Alexander Van and Ward, Jonathan T and Wollack, Edward J},
title = {{The Atacama Cosmology Telescope: two-season ACTPol spectra and parameters}},
journal = {Journal of Cosmology and Astroparticle Physics},
year = {2017},
volume = {2017},
number = {06},
pages = {031--031},
month = jun
}

@article{Zmuidzinas2015ApJ,
author = {Zmuidzinas, Jonas},
title = {{On the Use of Shot Noise for Photon Counting}},
journal = {The Astrophysical Journal},
year = {2015},
volume = {813},
number = {1},
pages = {17},
month = nov,
annote = {34 pages, 9 figures; submitted to ApJ 70 pages, 9 figures; submitted to ApJ}
}

@article{Johnson2017RSI,
author = {Johnson, Bradley R and Columbro, F and Araujo, Derek C and Limon, Michele and Smiley, B and Jones, G and Reichborn-Kjennerud, B and Miller, Amber D and Gupta, S},
title = {{A large-diameter hollow-shaft cryogenic motor based on a superconducting magnetic bearing for millimeter-wave polarimetry}},
journal = {Review of Scientific Instruments},
year = {2017},
volume = {88},
number = {10},
pages = {105102--10},
month = oct
}

@article{BCS1957PR,
author = {Bardeen, John and Cooper, L N and Schrieffer, J R},
title = {{Theory of Superconductivity}},
journal = {Physical Review},
year = {1957},
volume = {108},
number = {5},
pages = {1175--1204},
month = dec
}

@article{Patel2017PRB,
author = {Patel, U and Pechenezhskiy, Ivan V and Plourde, B L T and Vavilov, M G and McDermott, R},
title = {{Phonon-mediated quasiparticle poisoning of superconducting microwave resonators}},
journal = {Physical Review B},
year = {2017},
volume = {96},
number = {22},
pages = {220501--5},
month = dec
}

@article{Wang2009APL,
author = {Wang, H and Hofheinz, M and Wenner, J and Ansmann, Markus and Bialczak, R C and Lenander, M and Lucero, Erik and Neeley, M and O'Connell, A D and Sank, D and Weides, Martin P and Cleland, A N and Martinis, John M},
title = {{Improving the coherence time of superconducting coplanar resonators}},
journal = {Applied Physics Letters},
year = {2009},
volume = {95},
number = {23},
pages = {233508--4}
}

@article{Johnson2016SPIE,
author = {Johnson, Bradley R and Flanigan, Daniel and Abitbol, Maximilian H and Ade, Peter A R and Bryan, Sean and Cho, Hsiao-Mei and Datta, Rahul and Day, Peter and Doyle, Simon and Irwin, Kent D and Jones, Glenn and Kernasovskiy, Sarah and Li, Dale and Mauskopf, Philip and McCarrick, Heather and McMahon, Jeff and Miller, Amber D and Pisano, Giampaolo and Song, Yanru and Surdi, Harshad and Tucker, Carole E},
title = {{Polarization sensitive Multi-Chroic MKIDs}},
journal = {Proceedings of the SPIE},
year = {2016},
volume = {9914},
pages = {99140X},
month = jul
}

@article{Fixsen2002ApJ,
author = {Fixsen, D J and Mather, John C},
title = {{The spectral results of the far-infrared absolute spectrophotometer instrument on COBE}},
journal = {The Astrophysical Journal},
year = {2002},
volume = {581},
number = {2},
pages = {817--822}
}

@article{Fixsen2009ApJ,
author = {Fixsen, D J},
title = {{The Temperature of the Cosmic Microwave Background}},
journal = {The Astrophysical Journal},
year = {2009},
volume = {707},
number = {2},
pages = {916--920},
month = dec
}

@article{BICEP2II2014ApJ,
author = {{{BICEP2 Collaboration}} and Ade, Peter A R and Aikin, R W and Amiri, M and Barkats, D and Benton, S J and Bischoff, C A and Bock, James J Appleton Philip and Brevik, J A and Buder, I and Bullock, E and Davis, G and Day, Peter K and Dowell, C D and Duband, L and Filippini, J P and Fliescher, S and Golwala, Sunil R and Halpern, M and Hasselfield, M and Hildebrandt, S R and Hilton, Gene C and Irwin, Kent D and Karkare, K S and Kaufman, J P and Keating, B G and Kernasovskiy, S A and Kovac, John M and Kuo, Chao Lin and Leitch, E M and Llombart, N and Lueker, Martin and Netterfield, C B and Nguyen, Hien T and O'Brient, Roger and Ogburn, R W IV and Orlando, A and Pryke, Clement L and Reintsema, Carl D and Richter, S and Schwarz, R and Sheehy, C D and Staniszewski, Z K and Story, K T and Sudiwala, R V and Teply, G P and Tolan, J E and Turner, Anthony D and Vieregg, A G and Wilson, P and Wong, C L and Yoon, Ki Won},
title = {{BICEP2. II. Experiment and three-year Data Set}},
journal = {The Astrophysical Journal},
year = {2014},
volume = {792},
number = {1},
pages = {62},
month = sep
}

@article{Miller1964RMP,
author = {Miller, Piotr B and Kington, B W and Quinn, D J},
title = {{Transverse Magnetization of In-Sn Films}},
journal = {Reviews of Modern Physics},
year = {1964},
volume = {36},
number = {1},
pages = {70--73},
month = jan
}

@article{Kozorezov2001APL,
author = {Kozorezov, A G and Wigmore, J K and Peacock, A and Poelaert, A and Verhoeve, P and Den Hartog, R and Brammertz, G},
title = {{Local trap spectroscopy in superconducting tunnel junctions}},
journal = {Applied Physics Letters},
year = {2001},
volume = {78},
number = {2},
pages = {3654--3656},
month = jun
}

@article{Gao2008bAPL,
author = {Gao, Jiansong and Daal, Miguel and Martinis, John M and Vayonakis, Anastasios and Zmuidzinas, Jonas and Sadoulet, Bernard and Mazin, Benjamin A and Day, Peter K and LeDuc, Henry G},
title = {{A semiempirical model for two-level system noise in superconducting microresonators}},
journal = {Applied Physics Letters},
year = {2008},
volume = {92},
number = {2},
pages = {212504--212504},
month = may
}

@mastersthesis{Surdi2016,
author = {Surdi, Harshad},
title = {{Applications of Kinetic Inductance: Parametric Amplifier {\&} Phase Shifter, 2DEG Coupled Co-planar Structures {\&} Microstrip to Slotline Transition at RF Frequencies}},
school = {ProQuest Dissertations And Theses},
year = {2016},
address = {Arizona State University},
month = n/a
}

@article{Burstein1961PRL,
author = {Burstein, E and Langenberg, D. N. and Taylor, B N},
title = {{Superconductors as Quantum Detectors for Microwave and Sub-Millimeter-Wave Radiation}},
journal = {Physical Review Letters},
year = {1961},
volume = {6},
number = {3},
pages = {92--94},
month = feb
}

@article{Planck2015I,
author = {{{Planck Collaboration}} and Adam, R and Ade, Peter A R and Aghanim, N and Akrami, Y and Alves, M I R and Arg{\"u}eso, F and Arnaud, M and Arroja, F and Ashdown, M and Aumont, J and Baccigalupi, Carlo and Ballardini, M and Banday, A J and Barreiro, R B and Bartlett, J G and Bartolo, N and Basak, S and Battaglia, P and Battaner, E and Battye, R and Benabed, K and Benoit, A and Benoit-Levy, A and Bernard, J P and Bersanelli, M and Bertincourt, B and Bielewicz, P and Bikmaev, I and Bock, James J Appleton Philip and B{\"o}hringer, H and Bonaldi, A and Bonavera, L and Bond, J R and Borrill, Julian and Bouchet, F R and Boulanger, F and Bucher, M and Burenin, R and Burigana, C and Butler, R C and Calabrese, E and Cardoso, J F and Carvalho, P and Casaponsa, B and Castex, G and Catalano, A and Challinor, A and Chamballu, A and Chary, R R and Chiang, H C and Chluba, J and Chon, G and Christensen, P R and Church, Sarah E and Clemens, M and Clements, D L and Colombi, S and {Colombo, L. P. L.} and Combet, C and Comis, B and Contreras, D and Couchot, F and Coulais, A and Crill, B P and Cruz, M and Curto, A and Cuttaia, F and Danese, L and Davies, R D and Davis, R J and de Bernardis, P and de Rosa, A and de Zotti, G and Delabrouille, J and Delouis, J M and Desert, F X and Di Valentino, E and Dickinson, C and Diego, J M and Dolag, K and Dole, H and Donzelli, S and Dore, O and Douspis, M and Ducout, A and Dunkley, J and Dupac, X and Efstathiou, G and Eisenhardt, P R M and Elsner, F and Ensslin, T A and Eriksen, H K and Falgarone, E and Fantaye, Y and Farhang, M and Feeney, S and Fergusson, J and Fernandez-Cobos, R and Feroz, F and Finelli, F and Florido, E and Forni, O and Frailis, M and Fraisse, A A and Franceschet, C and Franceschi, E and Frejsel, A and Frolov, A and Galeotta, S and Galli, S and Ganga, K and Gauthier, C and G{\'e}nova-Santos, R T and Gerbino, M and Ghosh, T and Giard, M and Giraud-H{\'e}raud, Y and Giusarma, E and Gjerlow, E and Gonzalez-Nuevo, J and Gorski, K M and Grainge, K J B and Gratton, S and Gregorio, A and Gruppuso, A and Gudmundsson, J E and Hamann, J and Handley, W and Hansen, F K and Hanson, D and Harrison, D L and Heavens, A and Helou, G and Henrot-Versille, S and Hern{\'a}ndez-Monteagudo, C and Herranz, D and Hildebrandt, S R and Hivon, E and Hobson, M and Holmes, W A and Hornstrup, A and Hovest, W and Huang, Z and Huffenberger, K M and Hurier, G and Ili{\'c}, S and Jaffe, Andrew H and Jaffe, T R and Jin, T and Jones, W C and Juvela, M and Karakci, A and Keihanen, E and Keskitalo, R and Khamitov, I and Kiiveri, K and Kim, J and Kisner, T S and Kneissl, R and Knoche, J and Knox, L and Krachmalnicoff, N and Kunz, M and Kurki-Suonio, H and Lacasa, F and Lagache, G and Lahteenmaki, A and Lamarre, Jean-Michel and Langer, M and Lasenby, A and Lattanzi, M and Lawrence, C R and Le Jeune, Maude and Leahy, J P and Lellouch, E and Leonardi, R and Le{\'o}n-Tavares, J and Lesgourgues, J and Levrier, F and Lewis, A and Liguori, M and Lilje, P B and Lilley, M and Linden-Vornle, M and Lindholm, V and Liu, H and Lopez-Caniego, M and Lubin, P M and Ma, Y Z and Macias-Perez, J F and Maggio, G and Maino, D and Mak, D S Y and Mandolesi, N and Mangilli, A and Marchini, A and Marcos-Caballero, A and Marinucci, D and Maris, M and Marshall, D J and Martin, P G and Martinelli, M and Martinez-Gonzalez, E and Masi, S and Matarrese, S and Mazzotta, P and McEwen, J D and McGehee, P and Mei, S and Meinhold, P R and Melchiorri, A and Melin, J B and Mendes, L and Mennella, A and Migliaccio, M and Mikkelsen, K and Millea, M and Mitra, S and Miville-Deschenes, M A and Molinari, D and Moneti, A and Montier, L and Moreno, R and Morgante, G and Mortlock, D and Moss, A and Mottet, S and M{\"u}nchmeyer, M and Munshi, D and Murphy, J A and Narimani, A and Naselsky, P and Nastasi, A and Nati, F and Natoli, P and Negrello, M and Netterfield, C B and Norgaard-Nielsen, H U and Noviello, F and Novikov, D and Novikov, I and Olamaie, M and Oppermann, N and Orlando, E and Oxborrow, C A and Paci, F and Pagano, L and Pajot, F and Paladini, R and Pandolfi, S and Paoletti, D and Partridge, B and Pasian, F and Patanchon, G and Pearson, T J and Peel, M and Peiris, H V and Pelkonen, V M and Perdereau, O and Perotto, L and Perrott, Y C and Perrotta, F and Pettorino, V and Piacentini, F and Piat, M and Pierpaoli, E and Pietrobon, D and Plaszczynski, S and Pogosyan, D and Pointecouteau, E and Polenta, G and Popa, L and Pratt, G W and Prezeau, G and Prunet, S and Puget, Jean-Loup and Rachen, J P and Racine, B and Reach, W T and Rebolo, R and Reinecke, M and Remazeilles, M and Renault, C and Renzi, A and Ristorcelli, I and Rocha, G and Roman, M and Romelli, E and Rosset, C and Rossetti, M and Rotti, A and...},
title = {{Planck 2015 results. I. Overview of products and scientific results}},
journal = {Astronomy and Astrophysics},
year = {2016},
volume = {594},
pages = {A1},
month = sep
}

@article{Fixsen1996ApJ,
author = {Fixsen, D J and Cheng, E S and Gales, J M and Mather, John C and Shafer, R A and Wright, E L},
title = {{The Cosmic Microwave Background Spectrum from the Full COBE FIRAS Data Set}},
journal = {The Astrophysical Journal},
year = {1996},
volume = {473},
number = {2},
pages = {576--587},
month = dec
}

@article{Kivelson:1990bp,
author = {Kivelson, S A and Rokhsar, D S},
title = {{Bogoliubov quasiparticles, spinons, and spin-charge decoupling in superconductors}},
journal = {Physical Review B},
year = {1990},
volume = {41},
number = {16},
pages = {11693--11696}
}

@article{Duff2016JLTP,
author = {Duff, S M and Austermann, J and Beall, J A and Becker, D and Datta, R and Gallardo, P A and Henderson, S W and Hilton, Gene C and Ho, S P and Hubmayr, Johannes and Koopman, B J and Li, D and McMahon, J and Nati, F and Niemack, M D and Pappas, C G and Salatino, M and Schmitt, B L and Simon, S M and Staggs, Suzanne T and Stevens, J R and Lanen, J and Vavagiakis, E M and Ward, J T and Wollack, Edward J},
title = {{Advanced ACTPol Multichroic Polarimeter Array Fabrication Process for 150 mm Wafers}},
journal = {Journal of Low Temperature Physics},
year = {2016},
volume = {184},
number = {3},
pages = {634--641},
month = mar
}

@article{Janssen2014SPIE,
author = {Janssen, R M J and Baselmans, Jochem J A and Endo, A and Ferrari, L and Yates, Stephen J C and Baryshev, A M and Klapwijk, T M},
title = {{Performance of hybrid NbTiN-Al microwave kinetic inductance detectors as direct detectors for sub-millimeter astronomy}},
journal = {Proceedings of the SPIE},
year = {2014},
volume = {9153},
pages = {91530T},
month = jul
}

@article{Tinkham1963PR,
author = {Tinkham, Michael},
title = {{Effect of Fluxoid Quantization on Transitions of Superconducting Films}},
journal = {Physical Review},
year = {1963},
volume = {129},
number = {6},
pages = {2413--2422},
month = mar
}

@article{Meservey1970PRL,
author = {Meservey, R and Tedrow, P M and Fulde, Peter},
title = {{Magnetic Field Splitting of the Quasiparticle States in Superconducting Aluminum Films}},
journal = {Physical Review Letters},
year = {1970},
volume = {25},
number = {1},
pages = {1270--1272},
month = nov
}

@article{Townsend1972PRB,
author = {Townsend, P and Gregory, S and Taylor, R G},
title = {{Superconducting behavior of thin films and small particles of aluminum}},
journal = {Physical Review B},
year = {1972},
volume = {5},
number = {1},
pages = {54--66}
}

@article{Yates2011APL,
author = {Yates, Stephen J C and Baselmans, Jochem J A and Endo, A and Janssen, R M J and Ferrari, L and Diener, P and Baryshev, A M},
title = {{Photon noise limited radiation detection with lens-antenna coupled microwave kinetic inductance detectors}},
journal = {Applied Physics Letters},
year = {2011},
volume = {99},
number = {7},
pages = {073505},
month = aug
}

@article{Kreikebaum2016SUST,
author = {Kreikebaum, J M and Dove, A and Livingston, W and Kim, E and Siddiqi, I},
title = {{Optimization of infrared and magnetic shielding of superconducting TiN and Al coplanar microwave resonators}},
journal = {Superconductor Science and Technology},
year = {2016},
volume = {29},
number = {10},
pages = {104002},
month = aug
}

@article{Blanter2000PR,
author = {Blanter, Y M and Buttiker, M},
title = {{Shot noise in mesoscopic conductors}},
journal = {Physics Reports},
year = {2000},
volume = {336},
number = {1-2},
pages = {1--166},
month = sep
}

@article{Ullom1998PRB,
author = {Ullom, Joel N and Fisher, P A and Nahum, M},
title = {{Energy-dependent quasiparticle group velocity in a superconductor}},
journal = {Physical Review B},
year = {1998},
volume = {58},
number = {13},
pages = {8225},
month = oct
}

@article{Goetz2016JAP,
author = {Goetz, Jan and Deppe, Frank and Haeberlein, Max and Wulschner, Friedrich and Zollitsch, Christoph W and Meier, Sebastian and Fischer, Michael and Eder, Peter and Xie, Edwar and Fedorov, Kirill G and Menzel, Edwin P and Marx, Achim and Gross, Rudolf},
title = {{Loss mechanisms in superconducting thin film microwave resonators}},
journal = {Journal of Applied Physics},
year = {2016},
volume = {119},
number = {1},
pages = {015304},
month = jan
}

@article{Kuit2008PRB,
author = {Kuit, K H and Kirtley, J R and Van Der Veur, W and Molenaar, C G and Roesthuis, F J G and Troeman, A G P and Clem, J R and Hilgenkamp, H and Rogalla, H and Flokstra, J},
title = {{Vortex trapping and expulsion in thin-film YBa2Cu3O7-$\delta$ strips}},
journal = {Physical Review B},
year = {2008},
volume = {77},
number = {13},
pages = {134504},
month = apr
}

@article{MattisBardeen1958PR,
author = {Mattis, D C and Bardeen, John},
title = {{Theory of the Anomalous Skin Effect in Normal and Superconducting Metals}},
journal = {Physical Review},
year = {1958},
volume = {111},
number = {2},
pages = {412--417},
month = jul
}

@article{1978PhRvL..41.1509D,
author = {Dynes, R C and Narayanamurti, V and Garno, J P},
title = {{Direct measurement of quasiparticle-lifetime broadening in a strong-coupled superconductor}},
journal = {Physical Review Letters},
year = {1978},
volume = {41},
number = {2},
pages = {1509--1512},
month = nov
}

@article{Eisenmenger1976AP,
author = {Eisenmenger, W and La{\ss}mann, K and Trumpp, H J and Krau{\ss}, R},
title = {{Quasiparticle recombination and 2$\Delta$-phonon-trapping in superconducting tunneling junctions}},
journal = {Applied Physics},
year = {1976},
volume = {11},
number = {4},
pages = {307--320},
month = dec
}

@book{Tinkham2004,
author = {Tinkham, Michael},
title = {{Introduction to Superconductivity; 2nd ed.}},
publisher = {Dover},
year = {2004},
series = {Dover books on physics},
address = {Mineola, NY}
}

@article{George2012SPIE,
author = {George, E M and Ade, Peter A R and Aird, K A and Austermann, J E and Beall, J A and Becker, D and Bender, Amy N and Benson, Bradford A and Bleem, L E and Britton, J and Carlstrom, John E and Chang, Clarence L and Chiang, H C and Cho, Hsiao-Mei and Crawford, T M and Crites, A T and Datesman, A and de Haan, T and Dobbs, Matt A and Everett, W and Ewall-Wice, A and Halverson, Nils W and Harrington, N and Henning, J W and Hilton, Gene C and Holzapfel, William L and Hoover, S and Huang, N and Hubmayr, Johannes and Irwin, Kent D and Karfunkle, M and Keisler, R and Kennedy, James and Lee, Adrian T and Leitch, E and Li, D and Lueker, Martin and Marrone, D P and McMahon, J J and Mehl, Jared and Meyer, Steve S and Montgomery, J and Montroy, T E and Nagy, J and Natoli, T and Nibarger, J P and Niemack, M D and Novosad, V and Padin, S and Pryke, Clement L and Reichardt, Christian L and Ruhl, John E and Saliwanchik, B R and Sayre, J T and Schaffer, K K and Shirokoff, Erik and Story, K and Tucker, Carole E and Vanderlinde, Keith and Vieira, Joaquin D and Wang, G and Williamson, Ross and Yefremenko, V and Yoon, Ki Won and Young, E},
title = {{Performance and on-sky optical characterization of the SPTpol instrument}},
journal = {Millimeter, Submillimeter, and Far-Infrared Detectors and Instrumentation for Astronomy},
year = {2012},
volume = {8452},
pages = {84521F--84521F--15},
month = sep
}

@article{Riwar2016PRB,
author = {Riwar, R P and Hosseinkhani, A and Burkhart, L D and Gao, Y Y and Schoelkopf, Robert J and Glazman, L I and Catelani, G},
title = {{Normal-metal quasiparticle traps for superconducting qubits}},
journal = {Physical Review B},
year = {2016},
volume = {94},
number = {10},
pages = {104516},
month = sep
}

@phdthesis{Gao2008,
author = {Gao, Jiansong},
title = {{The Physics of Superconducting Microwave Resonators}},
year = {2008},
address = {Caltech},
month = oct
}

@article{Baselmans2017AA,
author = {Baselmans, Jochem J A and Bueno, J and Yates, Stephen J C and Yurduseven, O and Llombart, N and Karatsu, K and Baryshev, A M and Ferrari, L and Endo, A and Thoen, D J and {de Visser}, Pieter and Janssen, R M J and Murugesan, V and Driessen, E F C and Coiffard, G and Martin-Pintado, J and Hargrave, P and Griffin, M},
title = {{A kilo-pixel imaging system for future space based far-infrared observatories using microwave kinetic inductance detectors}},
journal = {Astronomy and Astrophysics},
year = {2017},
volume = {601},
pages = {A89},
month = may,
annote = {Original manuscript as submitted to A{\&}A (2016) 15 pages, 10 figures}
}

@article{Wang2014NatComm,
author = {Wang, C and Gao, Y Y and Pop, I M and Vool, U and Axline, Christopher and Brecht, T and Heeres, R W and Frunzio, L and Devoret, Michel H and Catelani, G and Glazman, L I and Schoelkopf, Robert J},
title = {{Measurement and control of quasiparticle dynamics in a superconducting qubit}},
journal = {Nature Communications},
year = {2014},
volume = {5},
pages = {5836},
month = dec
}

@article{Rothwarf1967PRL,
author = {Rothwarf, Allen and Taylor, B N},
title = {{Measurement of Recombination Lifetimes in Superconductors}},
journal = {Physical Review Letters},
year = {1967},
volume = {19},
number = {1},
pages = {27--30},
month = jul
}

@article{Bothner2011APL,
author = {Bothner, D and Gaber, T and Kemmler, M and Koelle, D and Kleiner, R},
title = {{Improving the performance of superconducting microwave resonators in magnetic fields}},
journal = {Applied Physics Letters},
year = {2011},
volume = {98},
number = {10},
pages = {102504--4}
}

@article{Thornton2016ApJS,
author = {Thornton, R J and Ade, Peter A R and Aiola, S and Angile, F E and Amiri, M and Beall, J A and Becker, D T and Cho, Hsiao-Mei and Choi, S K and Corlies, P and Coughlin, K P and Datta, R and Devlin, Mark J and Dicker, S R and D{\"u}nner, R and Fowler, J W and Fox, A E and Gallardo, P A and Gao, Jiansong and Grace, E and Halpern, M and Hasselfield, M and Henderson, S W and Hilton, Gene C and Hincks, A D and Ho, S P and Hubmayr, Johannes and Irwin, Kent D and Klein, J and Koopman, B and Li, Dale and Louis, T and Lungu, Marius and Maurin, L and McMahon, J and Munson, C D and Naess, S and Nati, F and Newburgh, L and Nibarger, J and Niemack, M D and Niraula, P and Nolta, M R and Page, L A and Pappas, C G and Schillaci, A and Schmitt, B L and Sehgal, N and Sievers, J L and Simon, S M and Staggs, Suzanne T and Tucker, Carole E and Uehara, M and Van Lanen, J and Ward, J T and Wollack, Edward J},
title = {{The Atacama Cosmology Telescope: The Polarization-sensitive ACTPol Instrument}},
journal = {The Astrophysical Journal Supplement Series},
year = {2016},
volume = {227},
number = {2},
pages = {21},
month = dec
}

@book{Loudon2002,
author = {Loudon, Rodney},
title = {{The Quantum Theory of Light; 3rd ed.}},
publisher = {Oxford Univ. Press},
year = {2002},
address = {Oxford}
}

@article{Mauskopf2014JLTP,
author = {Mauskopf, P D and Doyle, Simon and Barry, Peter S and Rowe, S and Bidead, A and Ade, Peter A R and Tucker, Carole E and Castillo, E and Monfardini, Alessandro and Goupy, J and Calvo, Martino},
title = {{Photon-Noise Limited Performance in Aluminum LEKIDs}},
journal = {Journal of Low Temperature Physics},
year = {2014},
volume = {176},
number = {3},
pages = {545--552},
month = aug
}

@article{Day2003Nature,
author = {Day, Peter K and LeDuc, Henry G and Mazin, Benjamin A and Vayonakis, Anastasios and Zmuidzinas, Jonas},
title = {{A broadband superconducting detector suitable for use in large arrays}},
journal = {Nature},
year = {2003},
volume = {425},
number = {6},
pages = {817--821},
month = oct
}

@article{Wilson2004PRB,
author = {Wilson, Christopher Morgan and Prober, Daniel E},
title = {{Quasiparticle number fluctuations in superconductors}},
journal = {Physical Review B},
year = {2004},
volume = {69},
number = {9},
pages = {094524},
month = mar
}

@article{McCarrick2014RSI,
author = {McCarrick, Heather and Flanigan, Daniel and Jones, G and Johnson, Bradley R and Ade, Peter A R and Araujo, Derek C and Bradford, K and Cantor, R and Che, G and Day, P and Doyle, Simon and LeDuc, Henry G and Limon, Michele and Luu, V and Mauskopf, Philip and Miller, Amber D and Mroczkowski, T and Tucker, Carole E and Zmuidzinas, Jonas},
title = {{Horn-coupled, commercially-fabricated aluminum lumped-element kinetic inductance detectors for millimeter wavelengths}},
journal = {Review of Scientific Instruments},
year = {2014},
volume = {85},
number = {1},
pages = {123117},
month = dec
}

@article{Gray1971JPF,
author = {Gray, Kenneth Eugene},
title = {{Steady state measurements of the quasiparticle lifetime in superconducting aluminium}},
journal = {Journal of Physics F: Metal Physics},
year = {1971},
volume = {1},
number = {3},
pages = {290--308},
month = may
}

@article{Zmuidzinas2003ApplOpt,
author = {Zmuidzinas, Jonas},
title = {{Thermal noise and correlations in photon detection}},
journal = {Applied Optics},
year = {2003},
volume = {42},
number = {2},
pages = {4989--5008},
month = sep
}

@article{Polarbear2017ApJ,
author = {{{Polarbear Collaboration}} and Ade, Peter A R and Aguilar, M and Akiba, Y and Arnold, Kam Stahly and Baccigalupi, Carlo and Barron, Darcy and Beck, D and Bianchini, F and Boettger, David and Borrill, Julian and Chapman, S and Chinone, Yuji and Crowley, K and Cukierman, A and D{\"u}nner, R and Dobbs, Matt A and Ducout, A and Elleflot, T and Errard, Josquin and Fabbian, G and Feeney, S M and Feng, C and Fujino, T and Galitzki, N and Gilbert, A and Goeckner-Wald, N and Groh, J C and Hall, G and Halverson, Nils W and Hamada, T and Hasegawa, M and Hazumi, Masashi and Hill, C A and Howe, L and Inoue, Y and Jaehnig, G and Jaffe, Andrew H and Jeong, O and Kaneko, D and Katayama, N and Keating, Brian and Keskitalo, R and Kisner, Theodore and Krachmalnicoff, N and Kusaka, A and Le Jeune, Maude and Lee, Adrian T and Leitch, E M and Leon, D and Linder, E and Lowry, L and Matsuda, Frederick and Matsumura, Tomotake and Minami, Y and Montgomery, J and Navaroli, M and Nishino, H and Paar, Hans and Peloton, J and Pham, A T P and Poletti, D and Puglisi, G and Reichardt, Christian L and Richards, Paul L and Ross, C and Segawa, Y and Sherwin, B D and Silva-Feaver, M and Siritanasak, P and Stebor, Nathan and Stompor, Radek and Suzuki, A and Tajima, O and Takakura, S and Takatori, S and Tanabe, D and Teply, G P and Tomaru, Takayuki and Tucker, Carole E and Whitehorn, N and Zahn, A},
title = {{A Measurement of the Cosmic Microwave Background B-mode Polarization Power Spectrum at Subdegree Scales from Two Years of POLARBEAR Data}},
journal = {The Astrophysical Journal},
year = {2017},
volume = {848},
number = {2},
pages = {121},
month = oct,
annote = {16 pages, 10 figures. For data and figures, see http://bolo.berkeley.edu/polarbear/data/polarbear_BB_2017/}
}

@article{Jones2017APL,
author = {Jones, G and Johnson, Bradley R and Abitbol, Maximilian H and Ade, Peter A R and Bryan, S and Cho, Hsiao-Mei and Day, P and Flanigan, Daniel and Irwin, Kent D and Li, D and Mauskopf, Philip and McCarrick, Heather and Miller, Amber D and Song, Y R and Tucker, Carole E},
title = {{High quality factor manganese-doped aluminum lumped-element kinetic inductance detectors sensitive to frequencies below 100 GHz}},
journal = {Applied Physics Letters},
year = {2017},
volume = {110},
number = {22},
pages = {222601--222606},
month = may,
annote = {5 pages, 4 figures}
}

@article{Johnson2017arXiv,
author = {Johnson, Bradley R and Flanigan, Daniel and Abitbol, Maximilian H and Ade, Peter A R and Bryan, S and Cho, Hsiao-Mei and Datta, R and Day, P and Doyle, Simon and Irwin, Kent D and Jones, G and Li, D and Mauskopf, Philip and McCarrick, Heather and McMahon, J and Miller, Amber D and Pisano, G and Song, Y and Surdi, H and Tucker, Carole E},
title = {{Development of Multi-Chroic MKIDs for Next-Generation CMB Polarization Studies}},
journal = {arXiv.org},
year = {2017},
eprint = {1711.02523v1},
eprinttype = {arxiv},
eprintclass = {1711},
pages = {arXiv:1711.02523},
month = nov,
annote = {LTD-17 paper submitted to Journal of Low Temperature Physics}
}

@article{Wen1969IEEE,
author = {Wen, C P},
title = {{Coplanar Waveguide: A Surface Strip Transmission Line Suitable for Nonreciprocal Gyromagnetic Device Applications}},
journal = {IEEE Transactions on Microwave Theory and Techniques},
year = {1969},
volume = {17},
number = {12},
pages = {1087--1090}
}

@article{Budoyo2016PRB,
author = {Budoyo, R P and Hertzberg, J B and Ballard, C J and Voigt, K D and Kim, Z and Anderson, J R and Lobb, C J and Wellstood, F C},
title = {{Effects of nonequilibrium quasiparticles in a thin-film superconducting microwave resonator under optical illumination}},
journal = {Physical Review B},
year = {2016},
volume = {93},
number = {2},
pages = {024514},
month = jan
}

@article{deVisser2011PRL,
author = {{de Visser}, Pieter and Baselmans, Jochem J A and Diener, P and Yates, Stephen J C and Endo, A and Klapwijk, T M},
title = {{Number Fluctuations of Sparse Quasiparticles in a Superconductor}},
journal = {Physical Review Letters},
year = {2011},
volume = {106},
number = {16},
pages = {167004},
month = apr
}

@article{Megrant2012APL,
author = {Megrant, A and Neill, C and Barends, Rami and Chiaro, B and Chen, Yu and Feigl, L and Kelly, J and Lucero, Erik and Mariantoni, Matteo and O'Malley, P J J and Sank, D and Vainsencher, A and Wenner, J and White, T C and Yin, Y and Zhao, J and Palmstr{\o}m, C J and Martinis, John M and Cleland, A N},
title = {{Planar superconducting resonators with internal quality factors above one million}},
journal = {Applied Physics Letters},
year = {2012},
volume = {100},
number = {1},
pages = {113510},
month = mar
}

@article{Flanigan2016bAPL,
author = {Flanigan, Daniel and Johnson, Bradley R and Abitbol, Maximilian H and Bryan, S and Cantor, R and Day, P and Jones, G and Mauskopf, Philip and McCarrick, Heather and Miller, Amber D and Zmuidzinas, Jonas},
title = {{Magnetic field dependence of the internal quality factor and noise performance of lumped-element kinetic inductance detectors}},
journal = {Applied Physics Letters},
year = {2016},
volume = {109},
number = {14},
pages = {143503},
month = oct
}

@article{Planck2013X,
author = {{{Planck Collaboration}} and Ade, Peter A R and Aghanim, N and Armitage-Caplan, C and Arnaud, M and Ashdown, M and Atrio-Barandela, F and Aumont, J and Baccigalupi, Carlo and Banday, A J and Barreiro, R B and Battaner, E and Benabed, K and Benoit, A and Benoit-Levy, A and Bernard, J P and Bersanelli, M and Bielewicz, P and Bobin, J and Bock, James J Appleton Philip and Bond, J R and Borrill, Julian and Bouchet, F R and Bridges, M and Bucher, M and Burigana, C and Cardoso, J F and Catalano, A and Challinor, A and Chamballu, A and Chiang, H C and Chiang, L Y and Christensen, P R and Church, Sarah E and Clements, D L and Colombi, S and {Colombo, L. P. L.} and Couchot, F and Coulais, A and Crill, B P and Curto, A and Cuttaia, F and Danese, L and Davies, R D and de Bernardis, P and de Rosa, A and de Zotti, G and Delabrouille, J and Delouis, J M and Desert, F X and Diego, J M and Dole, H and Donzelli, S and Dore, O and Douspis, M and Dupac, X and Efstathiou, G and Ensslin, T A and Eriksen, H K and Finelli, F and Forni, O and Frailis, M and Franceschi, E and Galeotta, S and Ganga, K and Giard, M and Girard, D and Giraud-H{\'e}raud, Y and Gonzalez-Nuevo, J and Gorski, K M and Gratton, S and Gregorio, A and Gruppuso, A and Hansen, F K and Hanson, D and Harrison, D and Henrot-Versille, S and Hern{\'a}ndez-Monteagudo, C and Herranz, D and Hildebrandt, S R and Hivon, E and Hobson, M and Holmes, W A and Hornstrup, A and Hovest, W and Huffenberger, K M and Jaffe, Andrew H and Jaffe, T R and Jones, W C and Juvela, M and Keihanen, E and Keskitalo, R and Kisner, T S and Kneissl, R and Knoche, J and Knox, L and Kunz, M and Kurki-Suonio, H and Lagache, G and Lamarre, Jean-Michel and Lasenby, A and Laureijs, R J and Lawrence, C R and Leonardi, R and Leroy, C and Lesgourgues, J and Liguori, M and Lilje, P B and Linden-Vornle, M and Lopez-Caniego, M and Lubin, P M and Macias-Perez, J F and Mandolesi, N and Maris, M and Marshall, D J and Martin, P G and Martinez-Gonzalez, E and Masi, S and Massardi, M and Matarrese, S and Matthai, F and Mazzotta, P and McGehee, P and Melchiorri, A and Mendes, L and Mennella, A and Migliaccio, M and Miniussi, A and Mitra, S and Miville-Deschenes, M A and Moneti, A and Montier, L and Morgante, G and Mortlock, D and Mottet, S and Munshi, D and Murphy, J A and Naselsky, P and Nati, F and Natoli, P and Netterfield, C B and Norgaard-Nielsen, H U and Noviello, F and Novikov, D and Novikov, I and Osborne, S and Oxborrow, C A and Paci, F and Pagano, L and Pajot, F and Paoletti, D and Pasian, F and Patanchon, G and Perdereau, O and Perotto, L and Perrotta, F and Piacentini, F and Piat, M and Pierpaoli, E and Pietrobon, D and Plaszczynski, S and Pointecouteau, E and Polenta, G and Ponthieu, N and Popa, L and Poutanen, T and Pratt, G W and Prezeau, G and Prunet, S and Puget, Jean-Loup and Rachen, J P and Racine, B and Reinecke, M and Remazeilles, M and Renault, C and Ricciardi, S and Riller, T and Ristorcelli, I and Rocha, G and Rosset, C and Roudier, G and Rusholme, B and Sanselme, L and Santos, D and Sauv{\'e}, A and Savini, G and Scott, D and Shellard, E P S and Spencer, L D and Starck, J L and Stolyarov, V and Stompor, Radek and Sudiwala, R and Sureau, F and Sutton, D and Suur-Uski, A S and Sygnet, J F and Tauber, J A and Tavagnacco, D and Terenzi, L and Toffolatti, L and Tomasi, M and Tristram, M and Tucci, M and Umana, G and Valenziano, L and Valiviita, J and Van Tent, B and Vielva, P and Villa, F and Vittorio, N and Wade, L A and Wandelt, Benjamin D and Yvon, D and Zacchei, A and Zonca, A},
title = {{Planck 2013 results. X. HFI energetic particle effects: characterization, removal, and simulation}},
journal = {Astronomy and Astrophysics},
year = {2014},
volume = {571},
pages = {A10},
month = nov
}

@article{Faber1955PRS,
author = {Faber, T E and Pippard, A B},
title = {{The Penetration Depth and High-Frequency Resistance of Superconducting Aluminium}},
journal = {Proceedings of the Royal Society of London A},
year = {1955},
volume = {231},
number = {1186},
pages = {336--353},
month = sep
}

@article{ACT2011ApJS,
author = {Swetz, D S and Ade, Peter A R and Amiri, M and Appel, John William and Battistelli, E S and Burger, B and Chervenak, J and Devlin, Mark J and Dicker, S R and Doriese, W B and D{\"u}nner, R and Essinger-Hileman, Thomas and Fisher, R P and Fowler, J W and Halpern, M and Hasselfield, M and Hilton, Gene C and Hincks, A D and Irwin, Kent D and Jarosik, N and Kaul, M and Klein, J and Lau, J M and Limon, Michele and Marriage, Tobey A and Marsden, D and Martocci, K and Mauskopf, Philip and Moseley, H and Netterfield, C B and Niemack, M D and Nolta, M R and Page, L A and Parker, L and Staggs, Suzanne T and Stryzak, O and Switzer, E R and Thornton, R and Tucker, Carole E and Wollack, Edward J and Zhao, Y},
title = {{Overview of the Atacama Cosmology Telescope: Receiver, Instrumentation, and Telescope Systems}},
journal = {The Astrophysical Journal Supplement Series},
year = {2011},
volume = {194},
number = {2},
pages = {41},
month = jun
}

@article{deGraaf2012JAP,
author = {de Graaf, S E and Danilov, A V and Adamyan, A A and Bauch, T and Kubatkin, S E},
title = {{Magnetic field resilient superconducting fractal resonators for coupling to free spins}},
journal = {Journal of Applied Physics},
year = {2012},
volume = {112},
number = {1},
pages = {123905--123905},
month = dec
}

@article{Henderson2016JLTP,
author = {Henderson, S W and Allison, Rupert and Austermann, J and Baildon, T and Battaglia, N and Beall, J A and Becker, D and De Bernardis, F and Bond, J R and Calabrese, E and Choi, S K and Coughlin, K P and Crowley, K T and Datta, R and Devlin, Mark J and Duff, S M and Dunkley, J and D{\"u}nner, R and van Engelen, A and Gallardo, P A and Grace, E and Hasselfield, M and Hills, F and Hilton, Gene C and Hincks, A D and Hlozek, R and Ho, S P and Hubmayr, Johannes and Huffenberger, K and Hughes, J P and Irwin, Kent D and Koopman, B J and Kosowsky, A B and Li, D and McMahon, J and Munson, C and Nati, F and Newburgh, L and Niemack, M D and Niraula, P and Page, L A and Pappas, C G and Salatino, M and Schillaci, A and Schmitt, B L and Sehgal, N and Sherwin, B D and Sievers, J L and Simon, S M and Spergel, D N and Staggs, Suzanne T and Stevens, J R and Thornton, R and Van Lanen, J and Vavagiakis, E M and Ward, J T and Wollack, Edward J},
title = {{Advanced ACTPol Cryogenic Detector Arrays and Readout}},
journal = {Journal of Low Temperature Physics},
year = {2016},
volume = {184},
number = {3},
pages = {772--779},
month = aug
}

@article{Wisbey2014JLTP,
author = {Wisbey, David S and Martin, A and Reinisch, A and Gao, Jiansong},
title = {{New Method for Determining the Quality Factor and Resonance Frequency of Superconducting Micro-Resonators from Sonnet Simulations}},
journal = {Journal of Low Temperature Physics},
year = {2014},
volume = {176},
number = {3-4},
pages = {538--544}
}

@article{Ho2016JLTP,
author = {Ho, S P and Pappas, C G and Austermann, J and Beall, J A and Becker, D and Choi, S K and Datta, R and Duff, S M and Gallardo, P A and Grace, E and Hasselfield, M and Henderson, S W and Hilton, Gene C and Hubmayr, Johannes and Koopman, B J and Lanen, J V and Li, D and McMahon, J and Nati, F and Niemack, M D and Niraula, P and Salatino, M and Schillaci, A and Schmitt, B L and Simon, S M and Staggs, Suzanne T and Stevens, J R and Ward, J T and Wollack, Edward J and Vavagiakis, E M},
title = {{The First Multichroic Polarimeter Array on the Atacama Cosmology Telescope: Characterization and Performance}},
journal = {Journal of Low Temperature Physics},
year = {2016},
volume = {184},
number = {3},
pages = {559--567},
month = mar
}

@article{Glauber2006Nobel,
author = {Glauber, Roy J},
title = {{One Hundred Years of Light Quanta}},
journal = {Nobel Prize Lecture},
year = {2005},
pages = {1--24}
}

@article{Doyle2010SPIE,
author = {Doyle, Simon and Mauskopf, Philip and Zhang, Jin and Monfardini, Alessandro and Swenson, Loren J and Baselmans, Jochem J A and Yates, Stephen J C and Roesch, Markus},
title = {{A review of the lumped element kinetic inductance detector}},
journal = {Proceedings of the SPIE},
year = {2010},
volume = {7741},
pages = {77410M},
month = jul
}

@article{Dolan1974aJLTP,
author = {Dolan, G J},
title = {{Direct observations of the magnetic structure in thin films of Pb, Sn, and In}},
journal = {Journal of Low Temperature Physics},
year = {1974},
volume = {15},
number = {1-2},
pages = {111--132}
}

@article{CMBS4TechnologyBook,
author = {Abitbol, Maximilian H and Ahmed, Zeeshan and Barron, Darcy and Thakur, Ritoban Basu and Bender, Amy N and Benson, Bradford A and Bischoff, Colin A and Bryan, Sean A and Carlstrom, John E and Chang, Clarence L and Chuss, David T and Crowley, Kevin T and Cukierman, Ari and de Haan, Tijmen and Dobbs, Matt A and Essinger-Hileman, Tom and Filippini, Jeffrey P and Ganga, Ken and Gudmundsson, Jon E and Halverson, Nils W and Hanany, Shaul and Henderson, Shawn W and Hill, Charles A and Ho, Shuay-Pwu P and Hubmayr, Johannes and Irwin, Kent D and Jeong, Oliver and Johnson, Bradley R and Kernasovskiy, Sarah A and Kovac, John M and Kusaka, Akito and Lee, Adrian T and Maria, Salatino and Mauskopf, Philip and McMahon, Jeff J and Moncelsi, Lorenzo and Nadolski, Andrew W and Nagy, Johanna M and Niemack, Michael D and O'Brient, Roger C and Padin, Stephen and Parshley, Stephen C and Pryke, Clement L and Roe, Natalie A and Rostem, Karwan and Ruhl, John E and Simon, Sara M and Staggs, Suzanne T and Suzuki, Aritoki and Switzer, Eric R and TAJIMA, Osamu and Thompson, Keith L and Timbie, Peter T and Tucker, Gregory S and Vieira, Joaquin D and Vieregg, Abigail G and Westbrook, Benjamin and Wollack, Edward J and Yoon, Ki Won and Young, Karl S and Young, Edward Y},
title = {{CMB-S4 Technology Book, First Edition}},
journal = {arXiv.org},
year = {2017},
eprint = {1706.02464},
eprinttype = {arxiv},
eprintclass = {astro-ph.IM},
pages = {arXiv:1706.02464},
month = jun,
annote = {191 pages}
}

@article{ONeil2010JAP,
author = {O'Neil, G C and Schmidt, D R and Tomlin, N A and Ullom, Joel N},
title = {{Quasiparticle density of states measurements in clean superconducting AlMn alloys}},
journal = {Journal of Applied Physics},
year = {2010},
volume = {107},
number = {9},
pages = {093903--7},
month = may
}

@article{Hubmayr2015APL,
author = {Hubmayr, Johannes and Beall, J and Becker, D and Cho, Hsiao-Mei and Devlin, Mark J and Dober, B and Groppi, C and Hilton, Gene C and Irwin, Kent D and Li, D and Mauskopf, Philip and Pappas, D P and Van Lanen, J and Vissers, Michael R and Wang, Y and Wei, L F and Gao, Jiansong},
title = {{Photon-noise limited sensitivity in titanium nitride kinetic inductance detectors}},
journal = {Applied Physics Letters},
year = {2015},
volume = {106},
number = {7},
pages = {073505},
month = feb
}

@article{Rothwarf1974PRL,
author = {Rothwarf, A and Sai-Halasz, G A and Langenberg, D. N.},
title = {{Quasiparticle Lifetimes and Microwave Response in Nonequilibrium Superconductors}},
journal = {Physical Review Letters},
year = {1974},
volume = {33},
number = {4},
pages = {212--215},
month = jul
}

@article{Zmuidzinas2012ARCMP,
author = {Zmuidzinas, Jonas},
title = {{Superconducting Microresonators: Physics and Applications}},
journal = {Annual Review of Condensed Matter Physics},
year = {2012},
volume = {3},
pages = {169--214}
}

@article{Mitrovic2008JPCM,
author = {Mitrovi{\'c}, Bo{\v z}idar and Rozema, Lee A},
title = {{On the correct formula for the lifetime broadened superconducting density of states}},
journal = {Journal of Physics: Condensed Matter},
year = {2008},
volume = {20},
number = {1},
pages = {015215},
month = jan
}

@article{SPTPol2015ApJ,
author = {Keisler, R and Hoover, S and Harrington, N and Henning, J W and Ade, Peter A R and Aird, K A and Austermann, J E and Beall, J A and Bender, Amy N and Benson, Bradford A and Bleem, L E and Carlstrom, John E and Chang, Clarence L and Chiang, H C and Cho, Hsiao-Mei and Citron, R and Crawford, T M and Crites, A T and de Haan, T and Dobbs, Matt A and Everett, W and Gallicchio, J and Gao, Jiansong and George, E M and Gilbert, A and Halverson, Nils W and Hanson, D and Hilton, Gene C and Holder, G P and Holzapfel, William L and Hou, Z and Hrubes, J D and Huang, N and Hubmayr, Johannes and Irwin, Kent D and Knox, L and Lee, Adrian T and Leitch, E M and Li, D and Luong-Van, D and Marrone, D P and McMahon, J J and Mehl, Jared and Meyer, Steve S and Mocanu, L and Natoli, T and Nibarger, J P and Novosad, V and Padin, S and Pryke, Clement L and Reichardt, Christian L and Ruhl, John E and Saliwanchik, B R and Sayre, J T and Schaffer, K K and Shirokoff, Erik and Smecher, G and Stark, A A and Story, K T and Tucker, Carole E and Vanderlinde, Keith and Vieira, Joaquin D and Wang, G and Whitehorn, N and Yefremenko, V and Zahn, Oliver},
title = {{Measurements of Sub-degree B-mode Polarization in the Cosmic Microwave Background from 100 Square Degrees of SPTpol Data}},
journal = {The Astrophysical Journal},
year = {2015},
volume = {807},
number = {2},
pages = {151},
month = jul
}

@article{Flanigan2016aAPL,
author = {Flanigan, Daniel and McCarrick, Heather and Jones, G and Johnson, Bradley R and Abitbol, Maximilian H and Ade, Peter A R and Araujo, Derek C and Bradford, K and Cantor, R and Che, G and Day, P and Doyle, Simon and Kjellstrand, Carl Bjorn and LeDuc, Henry G and Limon, Michele and Luu, V and Mauskopf, Philip and Miller, Amber D and Mroczkowski, T and Tucker, Carole E and Zmuidzinas, Jonas},
title = {{Photon noise from chaotic and coherent millimeter-wave sources measured with horn-coupled, aluminum lumped-element kinetic inductance detectors}},
journal = {Applied Physics Letters},
year = {2016},
volume = {108},
number = {8},
pages = {083504},
month = feb,
annote = {5 pages, 2 figures; includes supplemental material}
}

@article{Datta2014JLTP,
author = {Datta, R and Hubmayr, Johannes and Munson, C and Austermann, J and Beall, J and Becker, D and Cho, Hsiao-Mei and Halverson, Nils W and Hilton, Gene C and Irwin, Kent D and Li, D and McMahon, J and Newburgh, L and Nibarger, J and Niemack, M and Schmitt, B and Smith, H and Staggs, S and Van Lanen, J and Wollack, Edward J},
title = {{Horn Coupled Multichroic Polarimeters for the Atacama Cosmology Telescope Polarization Experiment}},
journal = {Journal of Low Temperature Physics},
year = {2014},
volume = {176},
number = {5-6},
pages = {670--676}
}

@article{Kusaka2014RSI,
author = {Kusaka, A and Essinger-Hileman, Thomas and Appel, John William and Gallardo, P and Irwin, Kent D and Jarosik, N and Nolta, M R and Page, L A and Parker, L P and Raghunathan, S and Sievers, J L and Simon, S M and Staggs, Suzanne T and Visnjic, K},
title = {{Modulation of cosmic microwave background polarization with a warm rapidly rotating half-wave plate on the Atacama B-Mode Search instrument}},
journal = {Review of Scientific Instruments},
year = {2014},
volume = {85},
number = {2},
pages = {024501},
month = feb,
annote = {8 pages, 8 figures, Submitted to RSI}
}

@article{McCarrick2016JLTP,
author = {McCarrick, Heather and Flanigan, Daniel and Jones, G and Johnson, Bradley R and Ade, Peter A R and Bradford, K and Bryan, S and Cantor, R and Che, G and Day, P and Doyle, Simon and LeDuc, Henry G and Limon, Michele and Mauskopf, Philip and Miller, Amber D and Mroczkowski, T and Tucker, Carole E and Zmuidzinas, Jonas},
title = {{A Titanium Nitride Absorber for Controlling Optical Crosstalk in Horn-Coupled Aluminum LEKID Arrays for Millimeter Wavelengths}},
journal = {Journal of Low Temperature Physics},
year = {2016},
volume = {184},
number = {1},
pages = {154--160},
month = jul
}

@article{Song2009PRB,
author = {Song, C and Heitmann, T W and Defeo, M P and Yu, K and McDermott, R and Neeley, M and Martinis, John M and Plourde, B L T},
title = {{Microwave response of vortices in superconducting thin films of Re and Al}},
journal = {Physical Review B},
year = {2009},
volume = {79},
number = {1},
pages = {174512},
month = may
}

@article{Thomas2015SUST,
author = {Thomas, Christopher N and Withington, Stafford and Goldie, David J},
title = {{Electrothermal model of kinetic inductance detectors}},
journal = {Superconductor Science and Technology},
year = {2015},
volume = {28},
number = {4},
pages = {045012},
month = apr,
annote = {25 pages, 3 figures}
}

@phdthesis{deVisser2014,
author = {{de Visser}, Pieter},
title = {{Quasiparticle dynamics in aluminium superconducting microwave resonators}},
year = {2014},
address = {TU Delft},
month = feb
}

@article{Datta2016JLTP,
author = {Datta, R and Austermann, J and Beall, J A and Becker, D and Coughlin, K P and Duff, S M and Gallardo, P A and Grace, E and Hasselfield, M and Henderson, S W and Hilton, Gene C and Ho, S P and Hubmayr, Johannes and Koopman, B J and Lanen, J V and Li, D and McMahon, J and Munson, C D and Nati, F and Niemack, M D and Page, Lyman and Pappas, C G and Salatino, M and Schmitt, B L and Schillaci, A and Simon, S M and Staggs, Suzanne T and Stevens, J R and Vavagiakis, E M and Ward, J T and Wollack, Edward J},
title = {{Design and Deployment of a Multichroic Polarimeter Array on the Atacama Cosmology Telescope}},
journal = {Journal of Low Temperature Physics},
year = {2016},
volume = {184},
number = {3},
pages = {568--575},
month = mar
}

@article{BK2016PRL,
author = {Ade, Peter A R and Ahmed, Z and Aikin, R W and Alexander, K D and Barkats, D and Benton, S J and Bischoff, C A and Bock, James J Appleton Philip and Bowens-Rubin, R and Brevik, J A and Buder, I and Bullock, E and Buza, V and Connors, J and Crill, B P and Duband, L and Dvorkin, C and Filippini, J P and Fliescher, S and Grayson, J and Halpern, M and Harrison, S and Hilton, Gene C and Hui, H and Irwin, Kent D and Karkare, K S and Karpel, E and Kaufman, J P and Keating, B G and Kefeli, S and Kernasovskiy, S A and Kovac, John M and Kuo, Chao Lin and Leitch, E M and Lueker, Martin and Megerian, K G and Netterfield, C B and Nguyen, Hien T and O'Brient, Roger and Ogburn, R W and Orlando, A and Pryke, Clement L and Richter, S and Schwarz, R and Sheehy, C D and Staniszewski, Z K and Steinbach, Bryan and Sudiwala, R V and Teply, G P and Thompson, K L and Tolan, J E and Tucker, Carole E and Turner, Anthony D and Vieregg, A G and Weber, A C and Wiebe, D V and Willmert, J and Wong, C L and Wu, W L K and Yoon, Ki Won and {{Keck Array and BICEP2 Collaborations}}},
title = {{Improved Constraints on Cosmology and Foregrounds from BICEP2 and Keck Array Cosmic Microwave Background Data with Inclusion of 95~GHz Band}},
journal = {Physical Review Letters},
year = {2016},
volume = {116},
number = {3},
pages = {031302},
month = jan
}

@article{Planck2015XIII,
author = {{{Planck Collaboration}} and Ade, Peter A R and Aghanim, N and Arnaud, M and Ashdown, M and Aumont, J and Baccigalupi, Carlo and Banday, A J and Barreiro, R B and Bartlett, J G and Bartolo, N and Battaner, E and Battye, R and Benabed, K and Benoit, A and Benoit-Levy, A and Bernard, J P and Bersanelli, M and Bielewicz, P and Bock, James J Appleton Philip and Bonaldi, A and Bonavera, L and Bond, J R and Borrill, Julian and Bouchet, F R and Boulanger, F and Bucher, M and Burigana, C and Butler, R C and Calabrese, E and Cardoso, J F and Catalano, A and Challinor, A and Chamballu, A and Chary, R R and Chiang, H C and Chluba, J and Christensen, P R and Church, Sarah E and Clements, D L and Colombi, S and {Colombo, L. P. L.} and Combet, C and Coulais, A and Crill, B P and Curto, A and Cuttaia, F and Danese, L and Davies, R D and Davis, R J and de Bernardis, P and de Rosa, A and de Zotti, G and Delabrouille, J and Desert, F X and Di Valentino, E and Dickinson, C and Diego, J M and Dolag, K and Dole, H and Donzelli, S and Dore, O and Douspis, M and Ducout, A and Dunkley, J and Dupac, X and Efstathiou, G and Elsner, F and Ensslin, T A and Eriksen, H K and Farhang, M and Fergusson, J and Finelli, F and Forni, O and Frailis, M and Fraisse, A A and Franceschi, E and Frejsel, A and Galeotta, S and Galli, S and Ganga, K and Gauthier, C and Gerbino, M and Ghosh, T and Giard, M and Giraud-H{\'e}raud, Y and Giusarma, E and Gjerlow, E and Gonzalez-Nuevo, J and Gorski, K M and Gratton, S and Gregorio, A and Gruppuso, A and Gudmundsson, J E and Hamann, J and Hansen, F K and Hanson, D and Harrison, D L and Helou, G and Henrot-Versille, S and Hern{\'a}ndez-Monteagudo, C and Herranz, D and Hildebrandt, S R and Hivon, E and Hobson, M and Holmes, W A and Hornstrup, A and Hovest, W and Huang, Z and Huffenberger, K M and Hurier, G and Jaffe, Andrew H and Jaffe, T R and Jones, W C and Juvela, M and Keihanen, E and Keskitalo, R and Kisner, T S and Kneissl, R and Knoche, J and Knox, L and Kunz, M and Kurki-Suonio, H and Lagache, G and Lahteenmaki, A and Lamarre, Jean-Michel and Lasenby, A and Lattanzi, M and Lawrence, C R and Leahy, J P and Leonardi, R and Lesgourgues, J and Levrier, F and Lewis, A and Liguori, M and Lilje, P B and Linden-Vornle, M and Lopez-Caniego, M and Lubin, P M and Macias-Perez, J F and Maggio, G and Maino, D and Mandolesi, N and Mangilli, A and Marchini, A and Maris, M and Martin, P G and Martinelli, M and Martinez-Gonzalez, E and Masi, S and Matarrese, S and McGehee, P and Meinhold, P R and Melchiorri, A and Melin, J B and Mendes, L and Mennella, A and Migliaccio, M and Millea, M and Mitra, S and Miville-Deschenes, M A and Moneti, A and Montier, L and Morgante, G and Mortlock, D and Moss, A and Munshi, D and Murphy, J A and Naselsky, P and Nati, F and Natoli, P and Netterfield, C B and Norgaard-Nielsen, H U and Noviello, F and Novikov, D and Novikov, I and Oxborrow, C A and Paci, F and Pagano, L and Pajot, F and Paladini, R and Paoletti, D and Partridge, B and Pasian, F and Patanchon, G and Pearson, T J and Perdereau, O and Perotto, L and Perrotta, F and Pettorino, V and Piacentini, F and Piat, M and Pierpaoli, E and Pietrobon, D and Plaszczynski, S and Pointecouteau, E and Polenta, G and Popa, L and Pratt, G W and Prezeau, G and Prunet, S and Puget, Jean-Loup and Rachen, J P and Reach, W T and Rebolo, R and Reinecke, M and Remazeilles, M and Renault, C and Renzi, A and Ristorcelli, I and Rocha, G and Rosset, C and Rossetti, M and Roudier, G and Rouill{\'e} d{\textquoteright}Orfeuil, B and Rowan-Robinson, M and Rubino-Martin, J A and Rusholme, B and Said, N and Salvatelli, V and Salvati, L and Sandri, M and Santos, D and Savelainen, M and Savini, G and Scott, D and Seiffert, M D and Serra, P and Shellard, E P S and Spencer, L D and Spinelli, M and Stolyarov, V and Stompor, Radek and Sudiwala, R and Sunyaev, R and Sutton, D and Suur-Uski, A S and Sygnet, J F and Tauber, J A and Terenzi, L and Toffolatti, L and Tomasi, M and Tristram, M and Trombetti, T and Tucci, M and Tuovinen, J and T{\"u}rler, M and Umana, G and Valenziano, L and Valiviita, J and Van Tent, F and Vielva, P and Villa, F and Wade, L A and Wandelt, Benjamin D and Wehus, I K and White, M and White, S D M and Wilkinson, A and Yvon, D and Zacchei, A and Zonca, A},
title = {{Planck 2015 results. XIII. Cosmological parameters}},
journal = {Astronomy and Astrophysics},
year = {2016},
volume = {594},
pages = {A13},
month = sep
}

@article{Gao2007APL,
author = {Gao, Jiansong and Zmuidzinas, Jonas and Mazin, Benjamin A and LeDuc, Henry G and Day, Peter K},
title = {{Noise properties of superconducting coplanar waveguide microwave resonators}},
journal = {Applied Physics Letters},
year = {2007},
volume = {90},
number = {10},
pages = {102507--4}
}

@article{Gao2008aAPL,
author = {Gao, Jiansong and Daal, Miguel and Vayonakis, Anastasios and Kumar, Shwetank and Zmuidzinas, Jonas and Sadoulet, Bernard and Mazin, Benjamin A and Day, Peter K and LeDuc, Henry G},
title = {{Experimental evidence for a surface distribution of two-level systems in superconducting lithographed microwave resonators}},
journal = {Applied Physics Letters},
year = {2008},
volume = {92},
number = {15},
pages = {152505}
}

@phdthesis{Mates2011,
author = {Mates, John Arthur Benson},
title = {{The Microwave SQUID Multiplexer}},
school = {ProQuest Dissertations And Theses},
year = {2011},
address = {University of Colorado at Boulder},
month = dec
}

@article{Chang1963PL,
author = {Chang, G K and Kinsel, T and Serin, B},
title = {{Magnetic transition of a superconducting film in a transverse field}},
journal = {Physics Letters},
year = {1963},
volume = {5},
pages = {11}
}

@article{deVisser2014PRL,
author = {{de Visser}, Pieter and Goldie, David J and Diener, P and Withington, Stafford and Baselmans, Jochem J A and Klapwijk, T M},
title = {{Evidence of a Nonequilibrium Distribution of Quasiparticles in the Microwave Response of a Superconducting Aluminum Resonator}},
journal = {Physical Review Letters},
year = {2014},
volume = {112},
number = {4},
pages = {047004},
month = jan
}

@article{Baselmans2009AIPC,
author = {Baselmans, Jochem J A and Yates, Stephen J C},
title = {{Long quasiparticle lifetime in Aluminum Microwave Kinetic Inductance Detectors using coaxial stray light filters}},
journal = {Proceedings of the AIP},
year = {2009},
volume = {1185},
number = {1},
pages = {160--163},
month = dec
}

@article{Chiaro2016SUST,
author = {Chiaro, B and Megrant, A and Dunsworth, A and Chen, Z and Barends, Rami and Campbell, B and Chen, Y and Fowler, A and Hoi, I C and Jeffrey, E and Kelly, J and Mutus, J and Neill, C and O'Malley, P J J and Quintana, C and Roushan, P and Sank, D and Vainsencher, A and Wenner, J and White, T C and Martinis, John M},
title = {{Dielectric surface loss in superconducting resonators with flux-trapping holes}},
journal = {Superconductor Science and Technology},
year = {2016},
volume = {29},
number = {10},
pages = {104006},
month = oct
}

@article{Corcoles2011APL,
author = {Corcoles, Antonio D and Chow, Jerry M and Gambetta, Jay M and Rigetti, Chad and Rozen, J R and Keefe, George A and Rothwell, Mary Beth and Ketchen, Mark B and Steffen, M},
title = {{Protecting superconducting qubits from radiation}},
journal = {Applied Physics Letters},
year = {2011},
volume = {99},
number = {18}
}

@article{Nagy2017ApJ,
author = {Nagy, J M and Ade, Peter A R and Amiri, M and Benton, S J and Bergman, A S and Bihary, R and Bock, James J Appleton Philip and Bond, J R and Bryan, S A and Chiang, H C and Contaldi, C R and Dore, O and Duivenvoorden, A J and Eriksen, H K and Farhang, M and Filippini, J P and Fissel, L M and Fraisse, A A and Freese, K and Galloway, M and Gambrel, A E and Gandilo, N N and Ganga, K and Gudmundsson, J E and Halpern, M and Hartley, J and Hasselfield, M and Hilton, Gene C and Holmes, W and Hristov, V V and Huang, Z and Irwin, Kent D and Jones, W C and Kuo, Chao Lin and Kermish, Z D and Li, S and Mason, P V and Megerian, K and Moncelsi, L and Morford, T A and Netterfield, C B and Nolta, M and Padilla, I L and Racine, B and Rahlin, A S and Reintsema, C and Ruhl, John E and Runyan, M C and Ruud, T M and Shariff, J A and Soler, J D and Song, X and Trangsrud, A and Tucker, Carole E and Tucker, Rebecca and Turner, Anthony D and Van Der List, J F and Weber, A C and Wehus, I K and Wiebe, D V and Young, E Y},
title = {{A New Limit on CMB Circular Polarization from SPIDER}},
journal = {The Astrophysical Journal},
year = {2017},
volume = {844},
number = {2},
pages = {151},
month = aug
}

@article{Mazin2010APL,
author = {Mazin, Benjamin A and Sank, Daniel and McHugh, Sean and Lucero, Erik A and Merrill, Andrew and Gao, Jiansong and Pappas, David and Moore, David and Zmuidzinas, Jonas},
title = {{Thin film dielectric microstrip kinetic inductance detectors}},
journal = {Applied Physics Letters},
year = {2010},
volume = {96},
number = {10},
pages = {102504--4}
}

@article{Cyburt2016RMP,
author = {Cyburt, Richard H and Fields, Brian D and Olive, Keith A and Yeh, Tsung-Han},
title = {{Big bang nucleosynthesis: Present status}},
journal = {Reviews of Modern Physics},
year = {2016},
volume = {88},
number = {1},
pages = {015004--22},
month = feb
}

@article{Neill2013APL,
author = {Neill, C and Megrant, A and Barends, Rami and Chen, Yu and Chiaro, B and Kelly, J and Mutus, J Y and O'Malley, P J J and Sank, D and Wenner, J and White, T C and Yin, Yi and Cleland, A N and Martinis, John M},
title = {{Fluctuations from edge defects in superconducting resonators}},
journal = {Applied Physics Letters},
year = {2013},
volume = {103},
number = {7},
pages = {072601},
month = aug
}

@article{ONeil2008PRL,
author = {O'Neil, G C and Schmidt, D and Miller, N A and Ullom, Joel N and Williams, A and Arnold, G B and Ruggiero, S T},
title = {{Observation of Nonmagnetic Resonant Scattering Effects by Tunneling in Dilute Al-Mn Alloy Superconductors}},
journal = {Physical Review Letters},
year = {2008},
volume = {100},
number = {5},
pages = {056804},
month = feb
}

@article{Guth1981PRD,
author = {Guth, Alan H},
title = {{Inflationary universe: A possible solution to the horizon and flatness problems}},
journal = {Physical Review D},
year = {1981},
volume = {23},
number = {2},
pages = {347--356}
}

@article{Guruswamy2014SUST,
author = {Guruswamy, Tejas and Goldie, David J and Withington, Stafford},
title = {{Quasiparticle generation efficiency in superconducting thin films}},
journal = {Superconductor Science and Technology},
year = {2014},
volume = {27},
number = {5},
pages = {055012},
month = may,
annote = {7 pages 7 figures}
}

@article{Janssen2013APL,
author = {Janssen, R M J and Baselmans, Jochem J A and Endo, A and Ferrari, L and Yates, Stephen J C and Baryshev, A M and Klapwijk, T M},
title = {{High optical efficiency and photon noise limited sensitivity of microwave kinetic inductance detectors using phase readout}},
journal = {Applied Physics Letters},
year = {2013},
volume = {103},
number = {2},
pages = {203503},
month = nov
}

@article{Penzias1965ApJ,
author = {Penzias, A A and Wilson, R W},
title = {{A Measurement of Excess Antenna Temperature at 4080 Mc/s}},
journal = {The Astrophysical Journal},
year = {1965},
volume = {142},
pages = {419--421},
month = jul
}

@article{Yates2014JLTP,
author = {Yates, Stephen J C and Baselmans, Jochem J A and Baryshev, A M and Doyle, Simon and Endo, A and Ferrari, L and Hochg{\"u}rtel, S and Klein, B},
title = {{Clean Beam Patterns with Low Crosstalk Using 850 GHz Microwave Kinetic Inductance Detectors}},
journal = {Journal of Low Temperature Physics},
year = {2014},
volume = {176},
number = {5-6},
pages = {761--766}
}

@article{Wilson2001PRL,
author = {Wilson, Christopher Morgan and Frunzio, L and Prober, Daniel E},
title = {{Time-Resolved Measurements of Thermodynamic Fluctuations of the Particle Number in a Nondegenerate Fermi Gas}},
journal = {Physical Review Letters},
year = {2001},
volume = {87},
number = {6},
pages = {067004},
month = jul
}

@article{deVisser2014NatComm,
author = {{de Visser}, Pieter and Baselmans, Jochem J A and Bueno, J and Llombart, N and Klapwijk, T M},
title = {{Fluctuations in the electron system of a superconductor exposed to a photon flux}},
journal = {Nature Communications},
year = {2014},
volume = {5},
pages = {3130},
month = feb
}

@article{Barends2011APL,
author = {Barends, Rami and Wenner, J and Lenander, M and Chen, Y and Bialczak, R C and Kelly, J and Lucero, E and O'Malley, P and Mariantoni, M and Sank, D and Wang, H and White, T C and Yin, Y and Zhao, J and Cleland, A N and Martinis, John M and Baselmans, Jochem J A},
title = {{Minimizing quasiparticle generation from stray infrared light in superconducting quantum circuits}},
journal = {Applied Physics Letters},
year = {2011},
volume = {99},
number = {1},
pages = {113507},
month = sep
}

@article{Richards1994JAP,
author = {Richards, Paul L},
title = {{Bolometers for infrared and millimeter waves}},
journal = {Journal of Applied Physics},
year = {1994},
volume = {76},
number = {1},
pages = {1--24},
month = jul
}

@article{Chang1977PRB,
author = {Chang, Jhy-Jiun and Scalapino, D. J.},
title = {{Kinetic-equation approach to nonequilibrium superconductivity}},
journal = {Physical Review B},
year = {1977},
volume = {15},
number = {5},
pages = {2651--2670},
month = mar
}

@book{Dodelson2003,
author = {Dodelson, Scott},
title = {{Modern cosmology}},
publisher = {Academic Press},
year = {2003},
address = {San Diego, CA}
}

@incollection{Gray1981Chapter5,
author = {Gray, Kenneth Eugene},
title = {{Tunneling: a probe of nonequilibrium superconductivity}},
booktitle = {Nonequilibrium Superconductivity, Phonons, and Kapitza Boundaries},
year = {1981},
editor = {Gray, Kenneth Eugene},
publisher = {Plenum},
address = {New York, NY}
}

@article{Cooper1956PRL,
author = {Cooper, L N},
title = {{Bound Electron Pairs in a Degenerate Fermi Gas}},
journal = {Physical Review},
year = {1956},
volume = {104},
number = {4},
pages = {1189--1190}
}

@article{Driessen2012PRL,
author = {Driessen, E F C and Coumou, P. C. J. J. and Tromp, R R and {de Visser}, Pieter and Klapwijk, T M},
title = {{Strongly Disordered TiN and NbTiN s-Wave Superconductors Probed by Microwave Electrodynamics}},
journal = {Physical Review Letters},
year = {2012},
volume = {109},
number = {1},
pages = {107003},
month = sep
}

@phdthesis{Doyle2008Thesis,
author = {Doyle, Simon},
title = {{Lumped Element Kinetic Inductance Detectors}},
school = {Cardiff University},
year = {2008}
}

@phdthesis{Mazin2005,
author = {Mazin, Benjamin A},
title = {{Microwave kinetic inductance detectors}},
school = {Caltech},
year = {2005}
}

@article{Court2008SUST,
author = {Court, N A and Ferguson, A J and Clark, R G},
title = {{Energy gap measurement of nanostructured aluminium thin films for single Cooper-pair devices}},
journal = {Superconductor Science and Technology},
year = {2008},
volume = {21},
number = {1},
pages = {015013},
month = jan
}

@article{Joyez1994PRL,
author = {Joyez, P and Lafarge, P and Filipe, A and Esteve, D and Devoret, Michel H},
title = {{Observation of parity-induced suppression of Josephson tunneling in the superconducting single electron transistor}},
journal = {Physical Review Letters},
year = {1994},
volume = {72},
number = {1},
pages = {2458--2461},
month = apr
}

@article{BKP2015PRL,
author = {Ade, Peter A R and Aghanim, N and Ahmed, Z and Aikin, R W and Alexander, K D and Arnaud, M and Aumont, J and Baccigalupi, Carlo and Banday, A J and Barkats, D and Barreiro, R B and Bartlett, J G and Bartolo, N and Battaner, E and Benabed, K and Benoit, A and Benoit-Levy, A and Benton, S J and Bernard, J P and Bersanelli, M and Bielewicz, P and Bischoff, C A and Bock, James J Appleton Philip and Bonaldi, A and Bonavera, L and Bond, J R and Borrill, Julian and Bouchet, F R and Boulanger, F and Brevik, J A and Bucher, M and Buder, I and Bullock, E and Burigana, C and Butler, R C and Buza, V and Calabrese, E and Cardoso, J F and Catalano, A and Challinor, A and Chary, R R and Chiang, H C and Christensen, P R and {Colombo, L. P. L.} and Combet, C and Connors, J and Couchot, F and Coulais, A and Crill, B P and Curto, A and Cuttaia, F and Danese, L and Davies, R D and Davis, R J and de Bernardis, P and de Rosa, A and de Zotti, G and Delabrouille, J and Delouis, J M and Desert, F X and Dickinson, C and Diego, J M and Dole, H and Donzelli, S and Dore, O and Douspis, M and Dowell, C D and Duband, L and Ducout, A and Dunkley, J and Dupac, X and Dvorkin, C and Efstathiou, G and Elsner, F and Ensslin, T A and Eriksen, H K and Falgarone, E and Filippini, J P and Finelli, F and Fliescher, S and Forni, O and Frailis, M and Fraisse, A A and Franceschi, E and Frejsel, A and Galeotta, S and Galli, S and Ganga, K and Ghosh, T and Giard, M and Gjerlow, E and Golwala, Sunil R and Gonzalez-Nuevo, J and Gorski, K M and Gratton, S and Gregorio, A and Gruppuso, A and Gudmundsson, J E and Halpern, M and Hansen, F K and Hanson, D and Harrison, D L and Hasselfield, M and Helou, G and Henrot-Versille, S and Herranz, D and Hildebrandt, S R and Hilton, Gene C and Hivon, E and Hobson, M and Holmes, W A and Hovest, W and Hristov, V V and Huffenberger, K M and Hui, H and Hurier, G and Irwin, Kent D and Jaffe, Andrew H and Jaffe, T R and Jewell, J and Jones, W C and Juvela, M and Karakci, A and Karkare, K S and Kaufman, J P and Keating, B G and Kefeli, S and Keihanen, E and Kernasovskiy, S A and Keskitalo, R and Kisner, T S and Kneissl, R and Knoche, J and Knox, L and Kovac, John M and Krachmalnicoff, N and Kunz, M and Kuo, Chao Lin and Kurki-Suonio, H and Lagache, G and Lahteenmaki, A and Lamarre, Jean-Michel and Lasenby, A and Lattanzi, M and Lawrence, C R and Leitch, E M and Leonardi, R and Levrier, F and Lewis, A and Liguori, M and Lilje, P B and Linden-Vornle, M and Lopez-Caniego, M and Lubin, P M and Lueker, Martin and Macias-Perez, J F and Maffei, B and Maino, D and Mandolesi, N and Mangilli, A and Maris, M and Martin, P G and Martinez-Gonzalez, E and Masi, S and Mason, P and Matarrese, S and Megerian, K G and Meinhold, P R and Melchiorri, A and Mendes, L and Mennella, A and Migliaccio, M and Mitra, S and Miville-Deschenes, M A and Moneti, A and Montier, L and Morgante, G and Mortlock, D and Moss, A and Munshi, D and Murphy, J A and Naselsky, P and Nati, F and Natoli, P and Netterfield, C B and Nguyen, Hien T and Norgaard-Nielsen, H U and Noviello, F and Novikov, D and Novikov, I and O'Brient, Roger and Ogburn, R W and Orlando, A and Pagano, L and Pajot, F and Paladini, R and Paoletti, D and Partridge, B and Pasian, F and Patanchon, G and Pearson, T J and Perdereau, O and Perotto, L and Pettorino, V and Piacentini, F and Piat, M and Pietrobon, D and Plaszczynski, S and Pointecouteau, E and Polenta, G and Ponthieu, N and Pratt, G W and Prunet, S and Pryke, Clement L and Puget, Jean-Loup and Rachen, J P and Reach, W T and Rebolo, R and Reinecke, M and Remazeilles, M and Renault, C and Renzi, A and Richter, S and Ristorcelli, I and Rocha, G and Rossetti, M and Roudier, G and Rowan-Robinson, M and Rubino-Martin, J A and Rusholme, B and Sandri, M and Santos, D and Savelainen, M and Savini, G and Schwarz, R and Scott, D and Seiffert, M D and Sheehy, C D and Spencer, L D and Staniszewski, Z K and Stolyarov, V and Sudiwala, R and Sunyaev, R and Sutton, D and Suur-Uski, A S and Sygnet, J F and Tauber, J A and Teply, G P and Terenzi, L and Thompson, K L and Toffolatti, L and Tolan, J E and Tomasi, M and Tristram, M and Tucci, M and Turner, Anthony D and Valenziano, L and Valiviita, J and Van Tent, B and Vibert, L and Vielva, P and Vieregg, A G and Villa, F and Wade, L A and Wandelt, Benjamin D and Watson, R and Weber, A C and Wehus, I K and White, M and White, S D M and Willmert, J and Wong, C L and Yoon, Ki Won and Yvon, D and Zacchei, A and Zonca, A and Keck, Bicep2 and {{BICEP2 / Keck and Planck Collaborations}}},
title = {{Joint Analysis of BICEP2/Keck Array and Planck Data}},
journal = {Physical Review Letters},
year = {2015},
volume = {114},
number = {1},
pages = {101301},
month = mar
}

@article{Nsanzineza2014PRL,
author = {Nsanzineza, I and Plourde, B L T},
title = {{Trapping a Single Vortex and Reducing Quasiparticles in a Superconducting Resonator}},
journal = {Physical Review Letters},
year = {2014},
volume = {113},
number = {11},
pages = {117002--5},
month = sep
}

@article{Goldie2013SUST,
author = {Goldie, David J and Withington, Stafford},
title = {{Non-equilibrium superconductivity in quantum-sensing superconducting resonators}},
journal = {Superconductor Science and Technology},
year = {2013},
volume = {26},
number = {1},
pages = {015004},
month = jan
}

@article{BCS1957PRL,
author = {Bardeen, John and Cooper, L N and Schrieffer, J R},
title = {{Microscopic Theory of Superconductivity}},
journal = {Physical Review},
year = {1957},
volume = {106},
number = {1},
pages = {162--164},
month = apr
}

@article{Bothner2012PRB,
author = {Bothner, D and Gaber, T and Kemmler, M and Koelle, D and Kleiner, R and W{\"u}nsch, S and Siegel, M},
title = {{Magnetic hysteresis effects in superconducting coplanar microwave resonators}},
journal = {Physical Review B},
year = {2012},
volume = {86},
number = {1},
pages = {014517},
month = jul
}

@article{Anthore2003PRL,
author = {Anthore, A and Pothier, H and Esteve, D},
title = {{Density of States in a Superconductor Carrying a Supercurrent}},
journal = {Physical Review Letters},
year = {2003},
volume = {90},
number = {1},
pages = {127001},
month = mar
}

@article{Healey2008APL,
author = {Healey, J E and Lindstr{\"o}m, T and Colclough, M S and Muirhead, C M and Tzalenchuk, A Ya},
title = {{Magnetic field tuning of coplanar waveguide resonators}},
journal = {Applied Physics Letters},
year = {2008},
volume = {93},
number = {4},
pages = {043513},
month = jul
}

@article{Biondi1959bPR,
author = {Biondi, M A and Garfunkel, M P},
title = {{Millimeter wave absorption in superconducting aluminum. II. Calculation of the skin depth}},
journal = {Physical Review},
year = {1959},
volume = {116},
number = {4},
pages = {862--867}
}

@article{Kaplan1976PRB,
author = {Kaplan, S B and Chi, C. C. and Langenberg, D. N. and Chang, Jhy-Jiun and Jafarey, S. and Scalapino, D. J.},
title = {{Quasiparticle and phonon lifetimes in superconductors}},
journal = {Physical Review B},
year = {1976},
volume = {14},
number = {1},
pages = {4854--4873},
month = dec
}

@article{Khalil2012JAP,
author = {Khalil, M S and Stoutimore, M J A and Wellstood, F C and Osborn, Kevin D},
title = {{An analysis method for asymmetric resonator transmission applied to superconducting devices}},
journal = {Journal of Applied Physics},
year = {2012},
volume = {111},
number = {5},
pages = {4510},
month = mar,
annote = {19 pages, 8 figures, Published J. Appl. Phys. 111, 054510 (2012)}
}

@article{Kozorezov2000PRB,
author = {Kozorezov, A G and Volkov, A F and Wigmore, J K and Peacock, A and Poelaert, A and Den Hartog, R},
title = {{Quasiparticle-phonon downconversion in nonequilibrium superconductors}},
journal = {Physical Review B},
year = {2000},
volume = {61},
number = {17},
pages = {11807--11819},
month = may
}

@article{Spergel2015Science,
author = {Spergel, David N},
title = {{The dark side of cosmology: Dark matter and dark energy}},
journal = {Science},
year = {2015},
volume = {347},
number = {6},
pages = {1100--1102},
month = mar
}

@article{Barends2010APL,
author = {Barends, Rami and Vercruyssen, N and Endo, A and {de Visser}, Pieter and Zijlstra, T and Klapwijk, T M and Baselmans, Jochem J A},
title = {{Reduced frequency noise in superconducting resonators}},
journal = {Applied Physics Letters},
year = {2010},
volume = {97},
number = {3},
pages = {033507},
month = jul
}

@article{Chang1978JLTP,
author = {Chang, Jhy-Jiun and Scalapino, D. J.},
title = {{Nonequilibrium superconductivity}},
journal = {Journal of Low Temperature Physics},
year = {1978},
volume = {31},
number = {5-6},
pages = {927--928}
}

@article{Sage2011JAP,
author = {Sage, Jeremy M and Bolkhovsky, Vladimir and Oliver, William D and Turek, Benjamin and Welander, Paul B},
title = {{Study of loss in superconducting coplanar waveguide resonators}},
journal = {Journal of Applied Physics},
year = {2011},
volume = {109},
number = {6},
pages = {063915--063915},
month = mar
}

@article{Ullom1998APL,
author = {Ullom, Joel N and Fisher, P A and Nahum, M},
title = {{Magnetic field dependence of quasiparticle losses in a superconductor}},
journal = {Applied Physics Letters},
year = {1998},
volume = {73},
number = {1},
pages = {2494},
month = oct
}

@article{deVisser2012APL,
author = {{de Visser}, Pieter and Baselmans, Jochem J A and Yates, Stephen J C and Diener, P and Endo, A and Klapwijk, T M},
title = {{Microwave-induced excess quasiparticles in superconducting resonators measured through correlated conductivity fluctuations}},
journal = {Applied Physics Letters},
year = {2012},
volume = {100},
number = {1},
pages = {162601},
month = apr
}

@book{Gray1981,
author = {Anderson, A C and Wyatt, A F G and Eisenmenger, W and Narayanamurti, V and Gray, Kenneth Eugene and Schuller, I K and Dahlberg, D and Mooij, J E and Tinkham, Michael and Chang, Jhy-Jiun and Tremblay, A M S and Pippard, A B and Clarke, John and Schmid, A and Pethick, C J and Smith, H and Falco, C M and Garland, J C and Goldman, A M and Skocpol, W J and Lindelof, P E and Hansen, J B and Huebener, R P and Goodstein, D and Paterno, G and Scaramuzzi, F and Taborek, P and Barone, A and Russo, M and Vaglio, R},
editor = {Gray, Kenneth Eugene},
title = {{Nonequilibrium Superconductivity, Phonons, and Kapitza Boundaries}},
publisher = {Plenum},
year = {1981},
address = {New York, NY}
}

@article{HBTI1957RoyalSoc,
author = {Hanbury Brown, R and Twiss, R Q},
title = {{Interferometry of the Intensity Fluctuations in Light. I. Basic Theory: The Correlation between Photons in Coherent Beams of Radiation}},
journal = {Proceedings of the Royal Society of London A},
year = {1957},
volume = {242},
number = {1230},
pages = {300--324},
month = nov
}

@article{Noguchi2012PhysProc,
author = {Noguchi, Takashi and Naruse, Masato and Sekimoto, Yutaro},
title = {{RF Conductivity and Surface Impedance of a Superconductor Taking into Account the Complex Superconducting gap Energy}},
journal = {Physics Procedia},
year = {2012},
volume = {36},
pages = {318--323},
month = n/a
}

@article{CMBS4ScienceBook,
author = {Abazajian, Kevork N and Adshead, Peter and Ahmed, Zeeshan and Allen, Steven W and Alonso, David and Arnold, Kam Stahly and Baccigalupi, Carlo and Bartlett, James G and Battaglia, Nicholas and Benson, Bradford A and Bischoff, Colin A and Borrill, Julian and Buza, Victor and Calabrese, Erminia and Caldwell, Robert and Carlstrom, John E and Chang, Clarence L and Crawford, Thomas M and Cyr-Racine, Francis-Yan and de Bernardis, Francesco and de Haan, Tijmen and di Serego Alighieri, Sperello and Dunkley, Joanna and Dvorkin, Cora and Errard, Josquin and Fabbian, Giulio and Feeney, Stephen and Ferraro, Simone and Filippini, Jeffrey P and Flauger, Raphael and Fuller, George M and Gluscevic, Vera and Green, Daniel and Grin, Daniel and Grohs, Evan and Henning, Jason W and Hill, J Colin and Hlozek, Ren{\'e}e and Holder, Gilbert and Holzapfel, William L and Hu, Wayne and Huffenberger, Kevin M and Keskitalo, Reijo and Knox, Lloyd and Kosowsky, Arthur and Kovac, John and Kovetz, Ely D and Kuo, Chao Lin and Kusaka, Akito and Le Jeune, Maude and Lee, Adrian T and Lilley, Marc and Loverde, Marilena and Madhavacheril, Mathew S and Mantz, Adam and Marsh, David J E and McMahon, Jeffrey and Meerburg, Pieter Daniel and Meyers, Joel and Miller, Amber D and Munoz, Julian B and Nguyen, Ho Nam and Niemack, Michael D and Peloso, Marco and Peloton, Julien and Pogosian, Levon and Pryke, Clement L and Raveri, Marco and Reichardt, Christian L and Rocha, Graca and Rotti, Aditya and Schaan, Emmanuel and Schmittfull, Marcel M and Scott, Douglas and Sehgal, Neelima and Shandera, Sarah and Sherwin, Blake D and Smith, Tristan L and Sorbo, Lorenzo and Starkman, Glenn D and Story, Kyle T and van Engelen, Alexander and Vieira, Joaquin D and Watson, Scott and Whitehorn, Nathan and Wu, W L Kimmy},
title = {{CMB-S4 Science Book, First Edition}},
journal = {arXiv.org},
year = {2016},
eprint = {1610.02743},
eprinttype = {arxiv},
eprintclass = {astro-ph.CO},
pages = {arXiv:1610.02743},
month = oct
}

@phdthesis{Barends2009,
author = {Barends, Rami},
title = {{Photon-detecting superconducting resonators}},
year = {2009},
address = {TU Delft},
month = jul
}

@article{Kaplan1979JLTP,
author = {Kaplan, S B},
title = {{Acoustic Matching of Superconducting Films to Substrates}},
journal = {Journal of Low Temperature Physics},
year = {1979},
volume = {37},
number = {3-4},
pages = {343--365}
}

